<?xml version="1.0" encoding="UTF-8"?><collection><record><leader>03337ntm a2200409 a 4500</leader><controlfield tag="001">002576830</controlfield><controlfield tag="003">MiAaHDL</controlfield><controlfield tag="005">20190719000000.0</controlfield><controlfield tag="006">m        d        </controlfield><controlfield tag="007">cr bn ---auaua</controlfield><controlfield tag="008">921116q15uu16uuxx            00||  ara d</controlfield><datafield tag="035" ind1=" " ind2=" "><subfield code="a">(MiU)002576830</subfield></datafield><datafield tag="035" ind1=" " ind2=" "><subfield code="a">sdr-miu002576830</subfield></datafield><datafield tag="035" ind1=" " ind2=" "><subfield code="a">(RLIN)MIUH92-A22</subfield></datafield><datafield tag="040" ind1=" " ind2=" "><subfield code="a">MiU</subfield><subfield code="c">MiU</subfield><subfield code="e">appm</subfield><subfield code="d">MiU</subfield></datafield><datafield tag="100" ind1="1" ind2=" "><subfield code="6">880-01</subfield><subfield code="a">Ibn al-Muhallabī, ʻAbd al-Raḥmān ibn Muḥammad,</subfield><subfield code="d">ca. 15th cent.?</subfield></datafield><datafield tag="240" ind1="1" ind2="1"><subfield code="6">880-02</subfield><subfield code="a">ʻUmdat al-dhākir li-waḍʻ khuṭūṭ faḍl al-dāʾir</subfield></datafield><datafield tag="245" ind1="1" ind2="0"><subfield code="6">880-03</subfield><subfield code="a">Hādhā ʻumdat al-dhākir fī waḍʻ khuṭūṭ faḍl al-dāyir :</subfield><subfield code="k">manuscript,</subfield><subfield code="f">[16th or 17th century?] /</subfield><subfield code="c">lil-Muhallabī.</subfield></datafield><datafield tag="300" ind1=" " ind2=" "><subfield code="a">1</subfield><subfield code="f">v. ([114] p.) :</subfield><subfield code="b">ill. ;</subfield><subfield code="c">18 cm.</subfield></datafield><datafield tag="500" ind1=" " ind2=" "><subfield code="a">Watermarks: Anchor in circle; hand; hand(?) in circle. For the first see Edward Heawood, Watermarks, Mainly of the 17th and 18th Centuries (Hilversum, 1950), nos. 5-8.</subfield></datafield><datafield tag="500" ind1=" " ind2=" "><subfield code="a">Contains astronomical tables and sundial diagrams.</subfield></datafield><datafield tag="500" ind1=" " ind2=" "><subfield code="a">Text rubricated; pp. [7-14] supplied on different paper in different hand; vol. has edge title; on p. [1], note in handwriting of an owner: khaṭṭ Fariskūrī tilmīdh Taqī al-Dīn al-Rāṣid.</subfield></datafield><datafield tag="510" ind1="4" ind2=" "><subfield code="a">King, Survey,</subfield><subfield code="c">p. 75.</subfield></datafield><datafield tag="520" ind1=" " ind2=" "><subfield code="a">"A treatise on sundial theory with extensive tables for Cairo, compiled in 829 H [1425].... Merits investigation." David A. King, A Survey of the Scientific Manuscripts in the Egyptian National Library (Winona Lake, 1986), p. 75. Said in introduction to be based on Shifāʾ al-asqām fī waḍʻ al-sāʻāt ʻalá al-rukhām by Shihāb al-Dīn Aḥmad ibn ʻUmar al-Ṣūfī.</subfield></datafield><datafield tag="538" ind1=" " ind2=" "><subfield code="a">Mode of access: Internet.</subfield></datafield><datafield tag="541" ind1=" " ind2=" "><subfield code="d">07/--/36</subfield><subfield code="3">Manuscript</subfield><subfield code="a">McGregor Fund</subfield><subfield code="c">Purchase, 1933/34</subfield><subfield code="h">25 p.t.</subfield></datafield><datafield tag="561" ind1=" " ind2=" "><subfield code="a">Purchased in Cairo, 1933/34. Owners' marks: on p. [1], owner's autograph and unidentified date: min luṭf Allāh al-raḥīm al-raḥmān ilá ʻabdihi Muṣṭafá ibn Riḍwān ... sghnw hijrīyan; on p. [1], owner's seal: min mumtalakāt al-faqīr al-ḥājj Muṣṭafá Ṣidqī; on p. [1], owner's autograph: naqala ilá milkihi kātib al-aḥruf Muḥammad al-Rifāʻī al-Maḥallī; on p. [1], two unidentified owners' seals; on flyleaf, manuscript notes in handwriting of Max Meyerhof.</subfield></datafield><datafield tag="600" ind1="1" ind2="4"><subfield code="6">880-04</subfield><subfield code="a">Ṣūfī, Jamāl al-Dīn Abū al-ʻAbbās Aḥmad ibn ʻUthmān,</subfield><subfield code="d">late 7th cent.</subfield><subfield code="t">Shifāʾ al-asqām fī waḍʻ al-sāʻāt ʻalá al-rukhām.</subfield></datafield><datafield tag="650" ind1=" " ind2="0"><subfield code="a">Sundials</subfield><subfield code="y">Early works to 1800.</subfield></datafield><datafield tag="650" ind1=" " ind2="0"><subfield code="a">Astronomical instruments</subfield><subfield code="y">Early works to 1800.</subfield></datafield><datafield tag="650" ind1=" " ind2="0"><subfield code="a">Astronomy, Arab</subfield><subfield code="y">Early works to 1800.</subfield></datafield><datafield tag="650" ind1=" " ind2="0"><subfield code="a">Manuscripts, Arabic</subfield><subfield code="z">Michigan</subfield><subfield code="z">Ann Arbor.</subfield></datafield><datafield tag="700" ind1="1" ind2=" "><subfield code="a">Meyerhof, Max,</subfield><subfield code="d">1874-1945,</subfield><subfield code="e">former owner.</subfield></datafield><datafield tag="773" ind1="0" ind2=" "><subfield code="7">unbc</subfield><subfield code="a">Tracy W. McGregor Collection of Arabic, Persian, and Turkish Mathematical and Astronomical Manuscripts.</subfield><subfield code="w">(CStRLIN)MIUH92-A20.</subfield></datafield><datafield tag="880" ind1="0" ind2="4"><subfield code="6">600-04/</subfield><subfield code="a">جمال الدين أبو العباس أحمد بن عثمان الصوفي.</subfield><subfield code="t">شفاء الأسقام في وضع الساعات على الرخام.</subfield></datafield><datafield tag="880" ind1="1" ind2="0"><subfield code="6">245-03/</subfield><subfield code="a">هذا عمرة الذاكر في وضع خطوط فضل الداير :</subfield><subfield code="k">manuscript،</subfield><subfield code="f">[القرن 16 أو 17م؟] /</subfield><subfield code="c">للمهلبي.</subfield></datafield><datafield tag="880" ind1="1" ind2="0"><subfield code="6">240-02/</subfield><subfield code="a">عمدة الذاكر لوضع خطوط فضل الدائر</subfield></datafield><datafield tag="880" ind1="0" ind2=" "><subfield code="6">100-01/</subfield><subfield code="a">عبد الرحمن بن محمد بن المهلبي.</subfield></datafield><datafield tag="CID" ind1=" " ind2=" "><subfield code="a">002576830</subfield></datafield><datafield tag="DAT" ind1="0" ind2=" "><subfield code="a">20190719102632.0</subfield><subfield code="b">20190719000000.0</subfield></datafield><datafield tag="DAT" ind1="1" ind2=" "><subfield code="a">20190719090653.0</subfield><subfield code="b">2019-07-19T16:10:36Z</subfield></datafield><datafield tag="DAT" ind1="2" ind2=" "><subfield code="a">2015-10-10T18:00:06Z</subfield></datafield><datafield tag="CAT" ind1=" " ind2=" "><subfield code="a">SDR-MIU</subfield><subfield code="d">EX LIBRIS - ALEPH</subfield><subfield code="l">prepare.pl-004-008</subfield></datafield><datafield tag="FMT" ind1=" " ind2=" "><subfield code="a">BK</subfield></datafield><datafield tag="HOL" ind1=" " ind2=" "><subfield code="0">sdr-miu002576830</subfield><subfield code="a">MiU</subfield><subfield code="b">SDR</subfield><subfield code="c">MIU</subfield><subfield code="p">mdp.39015081446620</subfield><subfield code="s">MIU</subfield><subfield code="1">002576830</subfield></datafield><datafield tag="974" ind1=" " ind2=" "><subfield code="b">MIU</subfield><subfield code="c">MIU</subfield><subfield code="d">20190719</subfield><subfield code="s">lit-dlps-dc</subfield><subfield code="u">mdp.39015081446620</subfield><subfield code="y">1699</subfield><subfield code="r">pd</subfield><subfield code="q">bib</subfield><subfield code="t">non-US bib date2 &lt; 1896</subfield></datafield></record></collection>